% bibliography.bib â€” updated entries

@misc{Langstaff_TemporalRelativity_2025,
  author       = {Langstaff, Christopher M.},
  title        = {Temporal Relativity},
  year         = {2025},
  howpublished = {Zenodo},
  doi          = {10.5281/zenodo.17119049},
  url          = {https://doi.org/10.5281/zenodo.17119049}
}

@misc{Langstaff_PlanckCellKinematics_2025,
  author       = {Langstaff, Christopher M.},
  title        = {Planck-Cell Kinematics},
  year         = {2025},
  howpublished = {Zenodo},
  doi          = {10.5281/zenodo.17168478},
  url          = {https://doi.org/10.5281/zenodo.17168478}
}

@article{planck1901law,
  author  = {Planck, Max},
  title   = {{\"U}ber das Gesetz der Energieverteilung im Normalspektrum},
  journal = {Annalen der Physik},
  year    = {1901},
  volume  = {4},
  pages   = {553--563},
  language= {German},
  note    = {Reprinted/translated in various collections}
}

@article{einstein1905electrodynamics,
  author  = {Einstein, Albert},
  title   = {Zur Elektrodynamik bewegter K{\"o}rper},
  journal = {Annalen der Physik},
  year    = {1905},
  volume  = {17},
  pages   = {891--921},
  language= {German},
  note    = {Special relativity paper; English translations widely available}
}

@book{griffiths2018quantum,
  author    = {Griffiths, David J. and Schroeter, Darrell F.},
  title     = {Introduction to Quantum Mechanics},
  edition   = {3},
  year      = {2018},
  publisher = {Cambridge University Press},
  address   = {Cambridge},
  isbn      = {978-1-107-18963-8}
}

@article{tiesinga2021codata,
  author  = {Tiesinga, Eite and Mohr, Peter J. and Newell, David B. and Taylor, Barry N.},
  title   = {The 2018 {CODATA} recommended values of the fundamental physical constants},
  journal = {Reviews of Modern Physics},
  year    = {2021},
  volume  = {93},
  number  = {2},
  pages   = {025010},
  doi     = {10.1103/RevModPhys.93.025010}
}

@book{krane1988introductory,
  author    = {Krane, Kenneth S.},
  title     = {Introductory Nuclear Physics},
  year      = {1987},
  publisher = {John Wiley \& Sons},
  address   = {New York},
  isbn      = {978-0-471-80553-3},
  note      = {Often cited as 1987/1988 depending on printing}
}

@book{bipm2019si,
  author    = {{BIPM}},
  title     = {The International System of Units (SI)},
  edition   = {9},
  year      = {2019},
  publisher = {Bureau International des Poids et Mesures},
  address   = {S{\`e}vres},
  url       = {https://www.bipm.org/en/publications/si-brochure},
  note      = {SI Brochure, 9th edition}
}

@book{callen1985thermodynamics,
  author    = {Callen, Herbert B.},
  title     = {Thermodynamics and an Introduction to Thermostatistics},
  edition   = {2},
  year      = {1985},
  publisher = {John Wiley \& Sons},
  address   = {New York},
  isbn      = {978-0-471-86256-7}
}

@book{jackson1999classical,
  author    = {Jackson, John David},
  title     = {Classical Electrodynamics},
  edition   = {3},
  year      = {1999},
  publisher = {John Wiley \& Sons},
  address   = {New York},
  isbn      = {978-0-471-30932-3}
}
