
@article{planck1901law,
  author  = {Planck, Max},
  title   = {{\"U}ber das Gesetz der Energieverteilung im Normalspektrum},
  journal = {Annalen der Physik},
  year    = {1901},
  volume  = {4},
  pages   = {553--563},
  language= {German},
  note    = {Reprinted/translated in various collections}
}

@article{einstein1905electrodynamics,
  author  = {Einstein, Albert},
  title   = {Zur Elektrodynamik bewegter K{\"o}rper},
  journal = {Annalen der Physik},
  year    = {1905},
  volume  = {17},
  pages   = {891--921},
  language= {German},
  note    = {Special relativity paper; English translations widely available}
}

@book{griffiths2018quantum,
  author    = {Griffiths, David J. and Schroeter, Darrell F.},
  title     = {Introduction to Quantum Mechanics},
  edition   = {3},
  year      = {2018},
  publisher = {Cambridge University Press},
  address   = {Cambridge},
  isbn      = {978-1-107-18963-8}
}

@article{tiesinga2021codata,
  author  = {Tiesinga, Eite and Mohr, Peter J. and Newell, David B. and Taylor, Barry N.},
  title   = {The 2018 {CODATA} recommended values of the fundamental physical constants},
  journal = {Reviews of Modern Physics},
  year    = {2021},
  volume  = {93},
  number  = {2},
  pages   = {025010},
  doi     = {10.1103/RevModPhys.93.025010}
}

@book{krane1988introductory,
  author    = {Krane, Kenneth S.},
  title     = {Introductory Nuclear Physics},
  year      = {1987},
  publisher = {John Wiley \& Sons},
  address   = {New York},
  isbn      = {978-0-471-80553-3},
  note      = {Often cited as 1987/1988 depending on printing}
}

@book{bipm2019si,
  author    = {{BIPM}},
  title     = {The International System of Units (SI)},
  edition   = {9},
  year      = {2019},
  publisher = {Bureau International des Poids et Mesures},
  address   = {S{\`e}vres},
  url       = {https://www.bipm.org/en/publications/si-brochure},
  note      = {SI Brochure, 9th edition}
}

@book{callen1985thermodynamics,
  author    = {Callen, Herbert B.},
  title     = {Thermodynamics and an Introduction to Thermostatistics},
  edition   = {2},
  year      = {1985},
  publisher = {John Wiley \& Sons},
  address   = {New York},
  isbn      = {978-0-471-86256-7}
}

@book{jackson1999classical,
  author    = {Jackson, John David},
  title     = {Classical Electrodynamics},
  edition   = {3},
  year      = {1999},
  publisher = {John Wiley \& Sons},
  address   = {New York},
  isbn      = {978-0-471-30932-3}
}

@article{abbott2017gw170817_ligo,
  author  = {{LIGO Scientific Collaboration} and {Virgo Collaboration}},
  title   = {GW170817: Observation of Gravitational Waves from a Binary Neutron Star Inspiral},
  journal = {Physical Review Letters},
  year    = {2017},
  volume  = {119},
  number  = {16},
  pages   = {161101},
  doi     = {10.1103/PhysRevLett.119.161101}
}

@article{abbott2017grb170817a,
  author  = {{LIGO Scientific Collaboration} and {Virgo Collaboration} and {Fermi Gamma-ray Burst Monitor} and {INTEGRAL}},
  title   = {Gravitational Waves and Gamma-Rays from a Binary Neutron Star Merger: GW170817 and GRB 170817A},
  journal = {The Astrophysical Journal Letters},
  year    = {2017},
  volume  = {848},
  pages   = {L13},
  doi     = {10.3847/2041-8213/aa920c}
}